
<!--585-->
<record>
  <leader>00907nam a2200217   4500</leader>
  <controlfield tag="001">BIBLIOPAC-001036</controlfield>
  <controlfield tag="008">030701s1985    sp     f      000 0 spa  </controlfield>
  <datafield tag="082" ind1="1" ind2=" ">
    <subfield code="a">301.09811</subfield>
  </datafield>
  <datafield tag="090" ind1=" " ind2=" ">
    <subfield code="a">301.09811</subfield>
    <subfield code="b">B171</subfield>
  </datafield>
  <datafield tag="245" ind1="0" ind2="0">
    <subfield code="a">Balances amazónicos : </subfield>
    <subfield code="b">enfoques antropológicos / </subfield>
    <subfield code="c">Jürg Gasche, Jose M. Arroyo, compiladores.</subfield>
  </datafield>
  <datafield tag="260" ind1=" " ind2=" ">
    <subfield code="a">Iquitos : </subfield>
    <subfield code="b">Centro de Investigación Antropológica de la Amazonía Peruana, Universidad Nacional de la Amazonía Peruana, </subfield>
    <subfield code="c">[1985]</subfield>
  </datafield>
  <datafield tag="300" ind1=" " ind2=" ">
    <subfield code="a">339 p.</subfield>
  </datafield>
  <datafield tag="500" ind1=" " ind2=" ">
    <subfield code="a">"Publicada con el apoyo financiero del Centre national de la recherche scientifique, Paris, y de la UNESCO: Programa 'El Hombre y la Biosfera' (MAB)"</subfield>
  </datafield>
  <datafield tag="650" ind1=" " ind2="4">
    <subfield code="a">Ecologia humana</subfield>
    <subfield code="z">Amazônia.</subfield>
  </datafield>
  <datafield tag="650" ind1=" " ind2="4">
    <subfield code="a">Ecologia humana</subfield>
    <subfield code="z">Peru.</subfield>
  </datafield>
  <datafield tag="650" ind1=" " ind2="0">
    <subfield code="a">Índios</subfield>
    <subfield code="z">Peru</subfield>
    <subfield code="x">Condições econômicas</subfield>
  </datafield>
  <datafield tag="650" ind1=" " ind2=" ">
    <subfield code="x">Congressos.</subfield>
  </datafield>
  <datafield tag="650" ind1=" " ind2="4">
    <subfield code="a">Índios</subfield>
    <subfield code="z">Peru</subfield>
    <subfield code="x">Condições sociais</subfield>
  </datafield>
  <datafield tag="650" ind1=" " ind2=" ">
    <subfield code="x">Congressos.</subfield>
  </datafield>
  <datafield tag="942" ind1=" " ind2=" ">
    <subfield code="c">L</subfield>
  </datafield>
  <datafield tag="999" ind1=" " ind2=" ">
    <subfield code="c">7859</subfield>
    <subfield code="d">7859</subfield>
  </datafield>
  <datafield tag="952" ind1=" " ind2=" ">
    <subfield code="0">0</subfield>
    <subfield code="1">0</subfield>
    <subfield code="2">ddc</subfield>
    <subfield code="4">0</subfield>
    <subfield code="6">AM_301_098110000000000_B171</subfield>
    <subfield code="7">0</subfield>
    <subfield code="8">AM</subfield>
    <subfield code="9">9999</subfield>
    <subfield code="a">sdin</subfield>
    <subfield code="b">sdin</subfield>
    <subfield code="d">2016-11-23</subfield>
    <subfield code="l">0</subfield>
    <subfield code="o">AM 301.09811 B171</subfield>
    <subfield code="p">02-0612</subfield>
    <subfield code="r">2016-11-23</subfield>
    <subfield code="w">2016-11-23</subfield>
    <subfield code="y">L</subfield>
  </datafield>
</record>