
<!--589-->
<record>
  <leader>00546nam a2200181   4500</leader>
  <controlfield tag="001">BIBLIOPAC-007231</controlfield>
  <controlfield tag="005">20161123142031.0</controlfield>
  <controlfield tag="008">050304s1968    bl     f     0000 0 por  </controlfield>
  <datafield tag="082" ind1="1" ind2=" ">
    <subfield code="a">301.09811</subfield>
  </datafield>
  <datafield tag="090" ind1=" " ind2=" ">
    <subfield code="a">301.09811</subfield>
    <subfield code="b">R114o</subfield>
  </datafield>
  <datafield tag="100" ind1="1" ind2=" ">
    <subfield code="a">Rabelo, Genival</subfield>
  </datafield>
  <datafield tag="245" ind1="1" ind2="0">
    <subfield code="a">Ocupação da Amazônia / </subfield>
    <subfield code="c">Genival Rabelo.</subfield>
  </datafield>
  <datafield tag="260" ind1=" " ind2=" ">
    <subfield code="a">Rio de Janeiro : </subfield>
    <subfield code="b">[Edições Gernasa], </subfield>
    <subfield code="c">1968.</subfield>
  </datafield>
  <datafield tag="300" ind1=" " ind2=" ">
    <subfield code="a">144 p.</subfield>
  </datafield>
  <datafield tag="650" ind1=" " ind2="4">
    <subfield code="a">Condições sociais</subfield>
    <subfield code="z">Amazônia</subfield>
    <subfield code="x">Descrições e viagens.</subfield>
  </datafield>
  <datafield tag="651" ind1=" " ind2="4">
    <subfield code="a">Amazônia</subfield>
    <subfield code="x">Condições econômicas.</subfield>
  </datafield>
  <datafield tag="942" ind1=" " ind2=" ">
    <subfield code="c">L</subfield>
  </datafield>
  <datafield tag="999" ind1=" " ind2=" ">
    <subfield code="c">13999</subfield>
    <subfield code="d">13999</subfield>
  </datafield>
  <datafield tag="952" ind1=" " ind2=" ">
    <subfield code="0">0</subfield>
    <subfield code="1">0</subfield>
    <subfield code="2">ddc</subfield>
    <subfield code="4">0</subfield>
    <subfield code="6">AM_301_098110000000000_R114O</subfield>
    <subfield code="7">0</subfield>
    <subfield code="8">AM</subfield>
    <subfield code="9">18794</subfield>
    <subfield code="a">sdin</subfield>
    <subfield code="b">sdin</subfield>
    <subfield code="d">2016-11-23</subfield>
    <subfield code="l">0</subfield>
    <subfield code="o">AM 301.09811 R114o</subfield>
    <subfield code="p">83-0633</subfield>
    <subfield code="r">2016-11-23</subfield>
    <subfield code="w">2016-11-23</subfield>
    <subfield code="y">L</subfield>
  </datafield>
</record>